@article{Collberg:2016,
 author = {Collberg, Christian and Proebsting, Todd A.},
 title = {Repeatability in Computer Systems Research},
 journal = {Commun. ACM},
 issue_date = {March 2016},
 volume = {59},
 number = {3},
 month = feb,
 year = {2016},
 issn = {0001-0782},
 pages = {62--69},
 numpages = {8},
 url = {http://doi.acm.org/10.1145/2812803},
 doi = {10.1145/2812803},
 acmid = {2812803},
 publisher = {ACM},
 address = {New York, NY, USA},
} 
